@book{ITGO1,
  author = {TÃ¶rn, A. and Viitanen, S.},
  title = {Topographical global optimization},
  booktitle = {Recent Advances in Global Optimization},
  pages = {384--398},
  publisher = {Princeton University Press},
  year = {1992}
}


@ARTICLE{ITGO2, 
  author={Sacco, W. F and Henderson, N. and Rios Coleho, A. C.}, 
  journal={Annals of Nuclear Energy},
  title={Topographical global optimization applied to nuclear reactor core design: Some preliminary results},
  year={2014}, 
  volume={65},
  pages={166--173}
}